<record><leader>00000cas a22000007a 4500</leader><controlfield tag="001">13054739</controlfield><controlfield tag="008">860123d19261936mtuwr ne      0    0eng d</controlfield><datafield ind1=" " ind2=" " tag="010"><subfield code="a">sn 86075017 </subfield></datafield><datafield ind1=" " ind2=" " tag="040"><subfield code="a">MTL</subfield><subfield code="b">eng</subfield><subfield code="c">MTL</subfield><subfield code="d">OCLCQ</subfield></datafield><datafield ind1=" " ind2=" " tag="042"><subfield code="a">msc</subfield></datafield><datafield ind1="0" ind2=" " tag="130"><subfield code="a">Yellowstone journal (Miles City, Mont. : Weekly : 1926)</subfield></datafield><datafield ind1="1" ind2="4" tag="245"><subfield code="a">The Yellowstone journal.</subfield></datafield><datafield ind1=" " ind2=" " tag="260"><subfield code="a">Miles City, Mont. :</subfield><subfield code="b">T.A. Busey</subfield></datafield><datafield ind1=" " ind2=" " tag="300"><subfield code="a">v. :</subfield><subfield code="b">ill. ;</subfield><subfield code="c">55-60 cm.</subfield></datafield><datafield ind1=" " ind2=" " tag="310"><subfield code="a">Weekly</subfield></datafield><datafield ind1="1" ind2=" " tag="362"><subfield code="a">Began in 1926; ceased in 1936.</subfield><subfield code="z">Cf. Miles City daily star, May 24, 1936.</subfield></datafield><datafield ind1=" " ind2=" " tag="515"><subfield code="a">Suspended: May 12-Dec. 29, 1932.</subfield></datafield><datafield ind1=" " ind2=" " tag="588"><subfield code="a">Description based on: Vol. 34, no. 2 (Jan. 6, 1927).</subfield></datafield><datafield ind1=" " ind2=" " tag="752"><subfield code="a">United States</subfield><subfield code="b">Montana</subfield><subfield code="c">Custer</subfield><subfield code="d">Miles City.</subfield></datafield><datafield ind1="0" ind2="0" tag="780"><subfield code="t">Miles City American and stockgrowers journal</subfield><subfield code="w">(DLC)sn 86075012</subfield></datafield><datafield ind1="0" ind2="0" tag="785"><subfield code="t">Miles City bulletin</subfield><subfield code="w">(DLC)sn 86075018</subfield></datafield></record>